@Manual{R-base,
  title = {R: A Language and Environment for Statistical Computing},
  author = {{R Core Team}},
  organization = {R Foundation for Statistical Computing},
  address = {Vienna, Austria},
  year = {2018},
  url = {https://www.R-project.org/},
}
@Manual{R-bookdown,
  title = {bookdown: Authoring Books and Technical Documents with R Markdown},
  author = {Yihui Xie},
  note = {R package version 0.9.2},
  url = {https://github.com/rstudio/bookdown},
  year = {2019},
}
@Manual{R-dontpanic,
  title = {dontpanic: Coding Equivalent of a Towel.},
  author = {Charles Gray},
  note = {R package version 0.0.0.9000},
  year = {2019},
}
@Manual{R-dplyr,
  title = {dplyr: A Grammar of Data Manipulation},
  author = {Hadley Wickham and Romain François and Lionel Henry and Kirill Müller},
  note = {http://dplyr.tidyverse.org, https://github.com/tidyverse/dplyr},
  year = {2019},
}
@Manual{R-forcats,
  title = {forcats: Tools for Working with Categorical Variables (Factors)},
  author = {Hadley Wickham},
  year = {2018},
  note = {R package version 0.3.0},
  url = {https://CRAN.R-project.org/package=forcats},
}
@Manual{R-ggmosaic,
  title = {ggmosaic: Mosaic Plots in the 'ggplot2' Framework},
  author = {Haley Jeppson and Heike Hofmann and Di Cook},
  note = {R package version 0.2.1},
  url = {http://github.com/haleyjeppson/ggmosaic},
  year = {2019},
}
@Manual{R-ggplot2,
  title = {ggplot2: Create Elegant Data Visualisations Using the Grammar of Graphics},
  author = {Hadley Wickham and Winston Chang and Lionel Henry and Thomas Lin Pedersen and Kohske Takahashi and Claus Wilke and Kara Woo and Hiroaki Yutani},
  note = {http://ggplot2.tidyverse.org, https://github.com/tidyverse/ggplot2},
  year = {2019},
}
@Manual{R-knitr,
  title = {knitr: A General-Purpose Package for Dynamic Report Generation in R},
  author = {Yihui Xie},
  year = {2018},
  note = {R package version 1.20},
  url = {https://CRAN.R-project.org/package=knitr},
}
@Manual{R-lubridate,
  title = {lubridate: Make Dealing with Dates a Little Easier},
  author = {Vitalie Spinu and Garrett Grolemund and Hadley Wickham},
  year = {2018},
  note = {R package version 1.7.4},
  url = {https://CRAN.R-project.org/package=lubridate},
}
@Manual{R-purrr,
  title = {purrr: Functional Programming Tools},
  author = {Lionel Henry and Hadley Wickham},
  note = {http://purrr.tidyverse.org, https://github.com/tidyverse/purrr},
  year = {2019},
}
@Manual{R-readr,
  title = {readr: Read Rectangular Text Data},
  author = {Hadley Wickham and Jim Hester and Romain Francois},
  year = {2017},
  note = {R package version 1.1.1},
  url = {https://CRAN.R-project.org/package=readr},
}
@Manual{R-RevoUtils,
  title = {RevoUtils: Microsoft R Utility Package},
  author = {Microsoft Corporation},
  year = {2018},
  note = {R package version 11.0.1},
}
@Manual{R-RevoUtilsMath,
  title = {RevoUtilsMath: Microsoft R Services Math Utilities Package},
  author = {Microsoft Corporation},
  year = {2018},
  note = {R package version 11.0.0},
}
@Manual{R-rmarkdown,
  title = {rmarkdown: Dynamic Documents for R},
  author = {JJ Allaire and Yihui Xie and Jonathan McPherson and Javier Luraschi and Kevin Ushey and Aron Atkins and Hadley Wickham and Joe Cheng and Winston Chang},
  year = {2018},
  note = {R package version 1.10},
  url = {https://CRAN.R-project.org/package=rmarkdown},
}
@Manual{R-stringr,
  title = {stringr: Simple, Consistent Wrappers for Common String Operations},
  author = {Hadley Wickham},
  year = {2018},
  note = {R package version 1.3.1},
  url = {https://CRAN.R-project.org/package=stringr},
}
@Manual{R-tibble,
  title = {tibble: Simple Data Frames},
  author = {Kirill Müller and Hadley Wickham},
  note = {http://tibble.tidyverse.org/, https://github.com/tidyverse/tibble},
  year = {2019},
}
@Manual{R-tidyr,
  title = {tidyr: Easily Tidy Data with 'spread()' and 'gather()' Functions},
  author = {Hadley Wickham and Lionel Henry},
  year = {2018},
  note = {R package version 0.8.1},
  url = {https://CRAN.R-project.org/package=tidyr},
}
@Manual{R-tidyverse,
  title = {tidyverse: Easily Install and Load the 'Tidyverse'},
  author = {Hadley Wickham},
  note = {http://tidyverse.tidyverse.org,
https://github.com/tidyverse/tidyverse},
  year = {2019},
}
